<record><leader>00000cas a22000007a 4500</leader><controlfield tag="001">33893036</controlfield><controlfield tag="008">951212d19531972okuwr n       0    0eng d</controlfield><datafield ind1=" " ind2=" " tag="010"><subfield code="a">sn 95076356 </subfield></datafield><datafield ind1=" " ind2=" " tag="040"><subfield code="a">OBN</subfield><subfield code="b">eng</subfield><subfield code="c">OBN</subfield><subfield code="d">OCLCQ</subfield><subfield code="d">OCLCF</subfield><subfield code="d">OCLCO</subfield></datafield><datafield ind1="1" ind2=" " tag="029"><subfield code="a">AU@</subfield><subfield code="b">000025858431</subfield></datafield><datafield ind1=" " ind2=" " tag="042"><subfield code="a">msc</subfield></datafield><datafield ind1=" " ind2=" " tag="043"><subfield code="a">n-us-ok</subfield></datafield><datafield ind1="0" ind2="4" tag="245"><subfield code="a">The Owasson.</subfield></datafield><datafield ind1=" " ind2=" " tag="260"><subfield code="a">Owasso, Okla. :</subfield><subfield code="b">Aletha Buckles</subfield></datafield><datafield ind1=" " ind2=" " tag="300"><subfield code="a">v.</subfield></datafield><datafield ind1=" " ind2=" " tag="310"><subfield code="a">Weekly</subfield></datafield><datafield ind1="0" ind2=" " tag="362"><subfield code="a">Vol. 1, no. 1 (July 23, 1953)-v. 23, no. 11 (Oct. 26, 1972).</subfield></datafield><datafield ind1=" " ind2=" " tag="580"><subfield code="a">Issued with: Collinsville News (Collinsville, Okla. : 1922), July 23, 1953-Sep. 16, 1954; Collinsville News and the owasson, Sep. 23, 1954-Apr 11, 1963; and, Collinsville news (Collinsville, Okla. : 1963), Apr. 18, 1963-Oct. 26, 1972).</subfield></datafield><datafield ind1=" " ind2="0" tag="651"><subfield code="a">Owasso (Okla.)</subfield><subfield code="v">Newspapers.</subfield></datafield><datafield ind1=" " ind2="0" tag="651"><subfield code="a">Tulsa County (Okla.)</subfield><subfield code="v">Newspapers.</subfield></datafield><datafield ind1=" " ind2="7" tag="655"><subfield code="a">Newspapers.</subfield><subfield code="2">fast</subfield><subfield code="0">(OCoLC)fst01423814</subfield></datafield><datafield ind1=" " ind2="7" tag="651"><subfield code="a">Oklahoma</subfield><subfield code="z">Owasso.</subfield><subfield code="2">fast</subfield><subfield code="0">(OCoLC)fst01220624</subfield></datafield><datafield ind1=" " ind2="7" tag="651"><subfield code="a">Oklahoma</subfield><subfield code="z">Tulsa County.</subfield><subfield code="2">fast</subfield><subfield code="0">(OCoLC)fst01220997</subfield></datafield><datafield ind1=" " ind2=" " tag="752"><subfield code="a">United States</subfield><subfield code="b">Oklahoma</subfield><subfield code="c">Tulsa</subfield><subfield code="d">Owasso.</subfield></datafield><datafield ind1="1" ind2=" " tag="777"><subfield code="t">Collinsville news (Collinsville, Okla. : 1922</subfield><subfield code="w">(DLC)sn 95076354</subfield></datafield><datafield ind1="1" ind2=" " tag="777"><subfield code="t">Collinsville news and the owasson</subfield><subfield code="w">(DLC)sn 95076357</subfield></datafield><datafield ind1="1" ind2=" " tag="777"><subfield code="t">Collinsville news (Collinsville, Okla. : 1963)</subfield><subfield code="w">(DLC)sn 95076358</subfield></datafield></record>